@BOOK
{
ilyin:1998,
language = "russian",
author = "В. А. Ильин and Э. Г. Позняк",
title =
"Основы математического анализа: В 2 ч.
Часть I: Учеб.: Для вузов.",
edition = "5-е",
address = "М.",
publisher = "Наука. Физматлит",
year = 1998,
pagetotal = 616,
isbn = "5-02-015231-5"
}